@misc{pngRationale,
    author = {LibPNG community},
    title = {PNG rationale},
    note ={\url {http://www.libpng.org/pub/png/spec/1.2/PNG-Rationale.html} (visited: 2022-12-05)}
}
 
@misc{pngStructure,
    author = {LibPNG community},
    title = {PNG structure},
    note ={\url {http://www.libpng.org/pub/png/spec/1.2/PNG-Structure.html} (visited: 2022-12-05)}
}

@misc{pngChunkInspector,
    author = {Nayuki},
    title = {PNG file chunk inspector},
    note ={\url {https://www.nayuki.io/page/png-file-chunk-inspector} (visited: 2022-12-05)}
}

@misc{textHidingInText,
    author = {Nada Abdul Aziz Mustafa},
    title = {Text hiding in text using invisible character},
    note ={\url {https://www.researchgate.net/publication/343366769_Text_hiding_in_text_using_invisible_character} (visited: 2022-12-05)}
}

@misc{readWriteScript,
    author = {BarbDev},
    title = {LibPNG commands for read and write PNG files},
    note ={\url {https://github.com/Polytech-Projects/SteganoPngLsb/blob/master/main.c} (visited: 2022-12-05)}
}
